@online{rfc2818,
    author    = "RFC 2818",
    title     = "HTPP over TLS.",
    url       = "http://www.ietf.org/rfc/rfc2818.txt",
    keywords  = "http,tls"
}

@online{rfc5280,
    author    = "RFC 5280",
    title     = "Internet X.509 public key infrastructure certificate and certificate revocation list (CRL) profile.",
    url       = "http://tools.ietf.org/html/rfc5280",
    keywords  = "tls"
}

@online{rfc8446,
    author    = "RFC 8446",
    title     = "TLS v1.3.",
    url       = "https://datatracker.ietf.org/doc/html/rfc8446",
    keywords  = "tls"
}